@article{ lam1989non,
  title="The non-existence of finite projective planes of order 10",
  author="C W H Lam   and L Thiel and S Swiercz",
  journal="Canadian  Journal of  Mathematics",
  volume="41",
  number="6",
  pages="1117--1123",
  year="1989" 
}
@TECHREPORT{ Kaski02isomorph-freeexhaustive,
    author = {P  Kaski},
    title = {Isomorph-free exhaustive generation of combinatorial designs},
    institution = {},
    year = {2002}
}
@book{colb,
  title={Handbook of combinatorial designs},
  author={Colbourn, CJ and Dinitz, JH},
  volume={42},
  year={2006},
  publisher={Chapman \& Hall/CRC}
}
@book{denes1,
  title={Latin squares and their applications},
  author={D{\'e}nes, J  and Keedwell, A D},
  year={1974},
  publisher={English Universities Press London}
}
@book{denes2,
  title={Latin squares: New developments in the theory and applications},
  author={D{\'e}nes, J  and Keedwell, AD},
  volume={46},
  year={1991},
  publisher={North Holland}
}

@article{dukes2012group,
  title={Group divisible designs in MOLS of order ten},
  author={Dukes, Peter and Howard, Leah},
  journal={Designs, Codes and Cryptography},
  pages={1--9},
  year={2012},
  publisher={Springer}
}
@article{owens1995complete,
  title={Complete sets of pairwise orthogonal latin squares of order 9},
  author={Owens, PJ and Preece, DA},
  journal={Journal of Combinatorial Mathematics and Combinatorial Computing},
  volume={18},
  pages={83--96},
  year={1995}
}

@article{keedwell2000designing,
  title={Designing Tournaments with the aid of Latin Squares: a presentation of old and new results},
  author={Keedwell, AD},
  journal={Utilitas Mathematica},
  volume={58},
  pages={65--86},
  year={2000}
}
@article{Abdel,
  author    = {KAS Abdel-Ghaffar},
  title     = {On the number of mutually orthogonal partial latin squares},
  journal   = {Ars Combinatorica},
  volume    = {42},
  year      = {1996},
  bibsource = {DBLP, http://dblp.uni-trier.de}
}

@article{kidd2010tabu,
	author = "MP  Kidd",
	title = "A tabu-search for minimising the carry-over effects value of a round-robin tournament",
	journal = "ORiON",
	volume = "26",
	number = "2",
	year = "2010"
}

@book{tarry,
  title={Le probl{\`e}me des 36 officiers},
  author={Tarry, G},
  year={1900},
  publisher={au Secr{\'e}tariat de l'Association fran{\c{c}}aise pour l'avancement des sciences}
}
@inproceedings{anderson2009celebrating,
  title={Celebrating diversity in volunteer computing},
  author={Anderson, David P and Reed, K},
  booktitle={System Sciences, 2009. HICSS'09. 42nd Hawaii International Conference on},
  pages={1--8},
  year={2009},
  organization={IEEE}
}
@inproceedings{anderson2004boinc,
  title={Boinc: A system for public-resource computing and storage},
  author={Anderson, D},
  booktitle={Grid Computing, 2004. Proceedings. Fifth IEEE/ACM International Workshop on},
  pages={4--10},
  year={2004},
  organization={IEEE}
}
@article{bose,
  title={Further results on the construction of mutually orthogonal Latin squares and the falsity of Eulerâ€™s conjecture},
  author={Bose, RC and  SS Shrikhande and ET Parker},
  journal={Canadian  Journal of  Mathematics},
  volume={12},
  pages={189--203},
  year={1960}
}
@ONLINE{seti,
author = { {University of California} },
title = {SETI@HOME},
month = {June},
year = {2013},
url = {http://setiathome.berkeley.edu/} 
}
@ONLINE{boinc,
author = {University of California},
title = {BOINC: Open-source software for volunteer computing and grid computing.},
month = mar,
year = {2013},
url = {http://boinc.berkeley.edu/} 
}
@ONLINE{boinc2,
author = {University of California},
title = {Why use BOINC?},
month = mar,
year = {2013},
url = {http://boinc.berkeley.edu/trac/wiki/WhyUseBoinc}
}
@ONLINE{gimps,
author = { {Mersenne Research, Inc.} },
title = {Great Internet Mersenne Prime Search},
month = {June},
year = {2013},
url = {http://www.mersenne.org/}
}
@article{robinson,
  title={Constructing an annual round-robin tournament played on neutral grounds},
  author={Robinson, DF},
  journal={Mathematics Chronicle},
  volume={10},
  pages={73--82},
  year={1981}
}
@book{laywine,
  title={Discrete mathematics using Latin squares},
  author={Laywine, Charles F and Mullen, G L},
  volume={17},
  year={1998},
  publisher={Wiley New York}
}
@book{fisher1,
  title={Statistical methods for research workers},
  author={Fisher, R A},
  year={1925},
  publisher={Oliver \& Boyd, Edinburgh}
}
@book{fisher2,
  title={The design of experiments },
  author={Fisher, R A },
  year={1935},
  publisher={Oliver \& Boyd, Edinburgh }
}
@article{mann1942construction,
  title={The construction of orthogonal Latin squares},
  author={Mann, HB},
  journal={The Annals of Mathematical Statistics},
  pages={418--423},
  year={1942},
  publisher={JSTOR}
}
@article{euler,
  title={Recherches sur une nouvelle esp\'ece de quarr\'es magiques},
  author={Euler, L},
  journal={Verhandelingen uitgegeven door het zeeuwsch Genootschap der Wetenschappen te Vlissingen},
  pages={85--239},
  year={1782},
  volume={9}
}
@article{Norton1,
  title={Groups of orthogonal row-latin squares.},
  author={Norton, DA},
  journal={Pacific Journal of Mathematics},
  volume={2},
  number={3},
  pages={335--341},
  year={1952},
  publisher={Pacific Journal of Mathematics}
}
@article{Euler1,
  title={De quadratis magicis [On magic squares]},
  author={Euler, L},
  journal={Commentationes arithmeticae},
  volume={2},
  pages={593--602},
  year={1849}
} %%%%%%%%%%%%%%%%%%%%%%%%%%%%
@article{Anderson2006,
author = {Anderson, David and Christensen, Carl and Allen, Bruce},
doi = {10.1109/SC.2006.24},
file = {:home/gerdus/Meesters/Mendeley/Anderson, Christensen, Allen - Designing a Runtime System for Volunteer Computing.pdf:pdf},
isbn = {0-7695-2700-0},
journal = {ACM/IEEE SC 2006 Conference (SC'06)},
month = nov,
pages = {33--33},
publisher = {Ieee},
title = {{Designing a Runtime System for Volunteer Computing}},
url = {http://ieeexplore.ieee.org/lpdocs/epic03/wrapper.htm?arnumber=4090207},
year = {2006}
}
@article{Hall1945,
author = {Hall, Marshall},
file = {:home/gerdus/Meesters/Mendeley/Hall - An existence theorem for Latin squares.pdf:pdf},
journal = {Bull. Amer. Math. Soc},
number = {1935},
pages = {387--388},
title = {{An existence theorem for Latin squares}},
url = {http://www.ams.org/bull/1945-51-06/S0002-9904-1945-08361-X/S0002-9904-1945-08361-X.pdf},
volume = {10},
year = {1945}
}
@article{Lee2006,
author = {Lee, Moon Ho and Pokhrel, Subash Shree and Korea, South},
file = {:home/gerdus/Meesters/Mendeley/Lee, Pokhrel, Korea - On Orthogonality of Latin Squares.pdf:pdf},
keywords = {1,27,but question is of,constructing a random latin,enumeration for example,exist for a given,frequency squares,how,introduction from latin square,latin squares,many latin squares can,no good algorithm for,one natural approach to,orthogonality,refer to wilson,s the order of,square,t-orthogonality,the latin square,their construction,there seems to be,we can know that},
pages = {1--31},
title = {{On Orthogonality of Latin Squares}},
year = {2006}
}
@article{Bulutoglu,
author = {Bulutoglu, D A and Margot, F},
file = {:home/gerdus/Meesters/Mendeley/Bulutoglu, Margot - Classification of Orthogonal Arrays by Integer Programming.pdf:pdf},
keywords = {a,afit,bulutoglu,corresponding author,covering arrays,d,d-optimal designs,dursun,edu,email addresses,fractional factorial designs,isomorphism classes,isomorphism pruning,orthogonal arrays,packing arrays},
number = {December 2006},
title = {{Classification of Orthogonal Arrays by Integer Programming}}
}
@article{Kidd2012,
author = {Kidd, M P},
file = {:home/gerdus/Meesters/Mendeley/Kidd - On the existence and enumeration of sets of two or three mutually orthogonal Latin squares with application to sports tournament scheduling.pdf:pdf},
number = {March 2012},
title = {{On the existence and enumeration of sets of two or three mutually orthogonal Latin squares with application to sports tournament scheduling}},
url = {http://ir1.sun.ac.za/handle/10019.1/20038},
year = {2012}
}
@article{McKay2007,
author = {McKay, BD and Meynert, Alison and Myrvold, Wendy},
file = {:home/gerdus/Meesters/Mendeley/McKay, Meynert, Myrvold - Small Latin squares, quasigroups, and loops.pdf:pdf},
journal = {Journal of Combinatorial \ldots},
pages = {1--28},
title = {{Small Latin squares, quasigroups, and loops}},
url = {http://onlinelibrary.wiley.com/doi/10.1002/jcd.20105/abstract},
year = {2007}
}
@misc{TheMendeleySupportTeam2011,
abstract = {A quick introduction to Mendeley. Learn how Mendeley creates your personal digital library, how to organize and annotate documents, how to collaborate and share with colleagues, and how to generate citations and bibliographies.},
address = {London},
author = {{The Mendeley Support Team}},
booktitle = {Mendeley Desktop},
file = {:home/gerdus/Meesters/Mendeley/The Mendeley Support Team - Getting Started with Mendeley.pdf:pdf},
keywords = {Mendeley,how-to,user manual},
pages = {1--16},
publisher = {Mendeley Ltd.},
title = {{Getting Started with Mendeley}},
url = {http://www.mendeley.com},
year = {2011}
}
@book{Designs2002,
author = {Kaski, P},
file = {:home/gerdus/Meesters/Mendeley/Kaski - Isomorph-free exhaustive generation of combinatorial designs.pdf:pdf},
isbn = {9512258153},
keywords = {Block designs},
title = {{Isomorph-free exhaustive generation of combinatorial designs}},
year = {2002}
}
